@article{mihalcea2007learning,
  title={Learning multilingual subjective language via cross-lingual projections},
  author={Mihalcea, Rada and Banea, Carmen and Wiebe, Janyce M},
  year={2007}
}

@inproceedings{almas2007note,
  title={A note on extracting ‘sentiments’ in financial news in English, Arabic \& Urdu},
  author={Almas, Yousif and Ahmad, Khurshid},
  booktitle={The Second Workshop on Computational Approaches to Arabic Script-based Languages},
  pages={1--12},
  year={2007}
}

@inproceedings{wilson2005recognizing,
  title={Recognizing contextual polarity in phrase-level sentiment analysis},
  author={Wilson, Theresa and Wiebe, Janyce and Hoffmann, Paul},
  booktitle={Proceedings of the conference on human language technology and empirical methods in natural language processing},
  pages={347--354},
  year={2005},
  organization={Association for Computational Linguistics}
}

@article{devitt2007sentiment,
  title={Sentiment polarity identification in financial news: A cohesion-based approach},
  author={Devitt, Ann and Ahmad, Khurshid},
  year={2007}
}

@inproceedings{chaumartin2007upar7,
  title={UPAR7: A knowledge-based system for headline sentiment tagging},
  author={Chaumartin, Fran{\c{c}}ois-R{\'e}gis},
  booktitle={Proceedings of the 4th International Workshop on Semantic Evaluations},
  pages={422--425},
  year={2007},
  organization={Association for Computational Linguistics}
}

@inproceedings{esuli2006sentiwordnet,
  title={Sentiwordnet: A publicly available lexical resource for opinion mining},
  author={Esuli, Andrea and Sebastiani, Fabrizio},
  booktitle={Proceedings of LREC},
  volume={6},
  pages={417--422},
  year={2006},
  organization={Citeseer}
}