@inproceedings{adda1998grace,
  title={The GRACE French part-ofspeech tagging evaluation task},
  author={Adda, Gilles and Mariani, Joseph and Lecomte, Josette and Paroubek, Patrick and Rajman, Martin},
  booktitle={in Proceedings of the First International Conference on Language Resources and Evaluation (LREC},
  year={1998},
  organization={Citeseer}
}

@inproceedings{etham2004,
title={Introduction to Machine Learning (Adaptive Computation and Machine Learning)},
author={Ethem Alpaydin},
year={2004},
publisher={MIT press}
}

@inproceedings{hayter2007,
title={Probability and Statistics for Engineers and Scientists},
author={Hayter Anthony J.},
year={2007}
}

@inproceedings{dave2003mining,
  title={Mining the peanut gallery: Opinion extraction and semantic classification of product reviews},
  author={Dave, Kushal and Lawrence, Steve and Pennock, David M},
  booktitle={Proceedings of the 12th international conference on World Wide Web},
  pages={519--528},
  year={2003},
  organization={ACM}
}

@article{go2009twitter,
  title={Twitter sentiment analysis},
  author={Go, Alec and Huang, Lei and Bhayani, Richa},
  journal={Entropy},
  volume={17},
  year={2009}
}

@inproceedings{jansen2009micro,
  title={Micro-blogging as online word of mouth branding},
  author={Jansen, Bernard J and Zhang, Mimi and Sobel, Kate and Chowdury, Abdur},
  booktitle={CHI'09 Extended Abstracts on Human Factors in Computing Systems},
  pages={3859--3864},
  year={2009},
  organization={ACM}
}

@article{lafferty2001conditional,
  title={Conditional random fields: Probabilistic models for segmenting and labeling sequence data},
  author={Lafferty, John and McCallum, Andrew and Pereira, Fernando CN},
  year={2001}
}

@book{manning1999foundations,
  title={Foundations of statistical natural language processing},
  author={Manning, Christopher D and Sch{\"u}tze, Hinrich},
  year={1999},
  publisher={MIT press}
}

@article{pang2008opinion,
  title={Opinion mining and sentiment analysis},
  author={Pang, Bo and Lee, Lillian},
  journal={Foundations and trends in information retrieval},
  volume={2},
  number={1-2},
  pages={1--135},
  year={2008},
  publisher={Now Publishers Inc.}
}

@inproceedings{pang2002thumbs,
  title={Thumbs up?: sentiment classification using machine learning techniques},
  author={Pang, Bo and Lee, Lillian and Vaithyanathan, Shivakumar},
  booktitle={Proceedings of the ACL-02 conference on Empirical methods in natural language processing-Volume 10},
  pages={79--86},
  year={2002},
  organization={Association for Computational Linguistics}
}

@inproceedings{pedersen2000simple,
  title={A simple approach to building ensembles of Naive Bayesian classifiers for word sense disambiguation},
  author={Pedersen, Ted},
  booktitle={Proceedings of the 1st North American chapter of the Association for Computational Linguistics conference},
  pages={63--69},
  year={2000},
  organization={Association for Computational Linguistics}
}

@inproceedings{read2005using,
  title={Using emoticons to reduce dependency in machine learning techniques for sentiment classification},
  author={Read, Jonathon},
  booktitle={Proceedings of the ACL student research workshop},
  pages={43--48},
  year={2005},
  organization={Association for Computational Linguistics}
}

@inproceedings{schmid1994probabilistic,
  title={Probabilistic part-of-speech tagging using decision trees},
  author={Schmid, Helmut},
  booktitle={Proceedings of the international conference on new methods in language processing},
  volume={12},
  pages={44--49},
  year={1994},
  organization={Citeseer}
}

@article{shannon1963university,
  title={University of Illinois Press},
  author={Shannon, Claude E and Weaver, Warren},
  journal={Urbana, IL},
  year={1963}
}

@inproceedings{wilson2005recognizing,
  title={Recognizing contextual polarity in phrase-level sentiment analysis},
  author={Wilson, Theresa and Wiebe, Janyce and Hoffmann, Paul},
  booktitle={Proceedings of the conference on human language technology and empirical methods in natural language processing},
  pages={347--354},
  year={2005},
  organization={Association for Computational Linguistics}
}

@inproceedings{yang2007emotion,
  title={Emotion classification using web blog corpora},
  author={Yang, Changhua and Lin, Kevin Hsin-Yih and Chen, Hsin-Hsi},
  booktitle={Web Intelligence, IEEE/WIC/ACM International Conference on},
  pages={275--278},
  year={2007},
  organization={IEEE}
}

